@online {Mishra2016,
    author = {Mishra, Arpit},
    title = {Algorithm on how to find the day of a week},
    date = {2016-11-16},
    organization = {hackerearth},
    url = {https://www.hackerearth.com/blog/developers/how-to-find-the-day-of-a-week/},
    urldate = {2020-06-16},
}

@techreport {C99,
    type = {Standard},
    author = {{ISO/IEC 9899:TC2}},
    title = {Programming languages - C},
    date = {2005-05-06},
    institution = {International Organization for Standardization},
    address = {Geneva, CH},
    url = {http://www.open-std.org/jtc1/sc22/wg14/www/docs/n1124.pdf},
}

@incollection{C99_dateandtime,
    crossref = {C99},
    chapter = {7.23 Date and time},
    pages = {338--339},
}
